@misc{LS,
  title={Badanie algorytmów Local Search na przykładzie problemu STSP},
  author={Patryk Gliszczyński i Mateusz Ledzianowski},
  year={2017},
  howpublished={Lecture notes}
}